%% This BibTeX bibliography file was created using BibDesk.
%% http://bibdesk.sourceforge.net/


%% Created for Mohammed Sayagh at 2015-02-15 18:10:25 -0500 


%% Saved with string encoding Unicode (UTF-8) 



@url{ref1,
	Date-Added = {2015-02-15 23:08:36 +0000},
	Date-Modified = {2015-02-15 23:09:02 +0000},
	Title = {http://docs.aws.amazon.com/AWSEC2/latest/UserGuide/instance-types.html}}
	
@url{ref2,
	Date-Added = {2015-02-15 23:08:36 +0000},
	Date-Modified = {2015-02-15 23:09:02 +0000},
	Title = {http://aws.amazon.com/ec2/instance-types/}}
	
@url{ref3,
	Date-Added = {2015-02-15 23:08:36 +0000},
	Date-Modified = {2015-02-15 23:09:02 +0000},
	Title = {http://www.phoronix.com/scan.php?page=article\&item=amazon\_ec2\_c3\&num=1}}
	
@url{ref4,
	Date-Added = {2015-02-15 23:08:36 +0000},
	Date-Modified = {2015-02-15 23:09:02 +0000},
	Title = {http://www.ec2instances.info/}}
	
	